 @article{chizat2018lazy,
  title={On lazy training in differentiable programming},
  author={Chizat, Lenaic and Oyallon, Edouard and Bach, Francis},
  journal={arXiv preprint arXiv:1812.07956},
  year={2018}
}
@article{wei2019regularization,
  title={Regularization matters: Generalization and optimization of neural nets vs their induced kernel},
  author={Wei, Colin and Lee, Jason and Liu, Qiang and Ma, Tengyu},
  year={2019}
}
 @inproceedings{woodworth2020kernel,
  title={Kernel and rich regimes in overparametrized models},
  author={Woodworth, Blake and Gunasekar, Suriya and Lee, Jason D and Moroshko, Edward and Savarese, Pedro and Golan, Itay and Soudry, Daniel and Srebro, Nathan},
  booktitle={Conference on Learning Theory},
  pages={3635--3673},
  year={2020},
  organization={PMLR}
}
